@article{xu2013some,
    title={Some iterative finite element methods for steady Navier--Stokes equations with different viscosities},
    author={Xu, Hui and He, Yinnian},
    journal={Journal of Computational Physics},
    volume={232},
    number={1},
    pages={136--152},
    year={2013},
    publisher={Elsevier}
}
@article{he2015stability,
    title={Stability and convergence of iterative methods related to viscosities for the 2D/3D steady Navier--Stokes equations},
    author={He, Yinnian},
    journal={Journal of Mathematical Analysis and Applications},
    volume={423},
    number={2},
    pages={1129--1149},
    year={2015},
    publisher={Elsevier}
}
@book{john2016finite,
    chapter={6}, 
    title={Finite element methods for incompressible flow problems},
    author={John, Volker},
    year={2016},
    publisher={Springer}
}
@article{chen2008ifem,
    title={iFEM: an innovative finite element methods package in MATLAB},
    author={Chen, Long},
    journal={Preprint, University of Maryland},
    year={2008}
}
